<?xml version="1.0" encoding="UTF-8"?><collection xmlns="http://www.loc.gov/MARC21/slim"><record><leader>00423nam--2200145-i-4500</leader><controlfield tag="001">000001390</controlfield><controlfield tag="002">20161230</controlfield><controlfield tag="005">20161230201024</controlfield><controlfield tag="008">060222s1000------------r-----000-0-eng-d</controlfield><datafield ind1=" " ind2=" " tag="080"><subfield code="a">621.37:537.86/87</subfield></datafield><datafield ind1=" " ind2=" " tag="100"><subfield code="a">Franz, Walter</subfield></datafield><datafield ind1=" " ind2=" " tag="245"><subfield code="a">Theorie der beuguing elektromagnescher wellen. mit 29 abbildungen</subfield></datafield><datafield ind1=" " ind2=" " tag="260"><subfield code="a">Berlin, Springer-verlag, 1957. 123 P</subfield></datafield><datafield ind1=" " ind2=" " tag="490"><subfield code="a">Ergebnisse Der Angewandten Mathematik</subfield></datafield><datafield ind1=" " ind2=" " tag="852"><subfield code="a">76893</subfield></datafield></record></collection>